%===============================================================================
% Sample bibliopgraphy file for ifaconf.bst style to be used in
% IFAC meeting papers
% Copyright (c) 2007-2008 International Federation of Automatic Control
%===============================================================================
@article{Abl:45,
	author={B.C. Able},
	title={The examination of cell nuclei},
	journal={Birches. J.},
	year={1945},
	volume={35},
	pages={123--126},
}

@article{Abl:56,
	author={B.C. Able},
	title={Nucleic acid content of microscope},
	journal={Nature},
	year={1956},
	volume={135},
	pages={7--9},
}

@incollection{AbTaRu:54,
	author={B.C. Able and R.A. Tagg and M. Rush},
	title={Enzyme-catalyzed cellular transanimations},
	pages={125--247},
	editor={A.F. Round},
	publisher={Academic  Press},
	year={1954},
	volume={2},
	booktitle={Advances in Enzymology},
	address={New York},
	edition={3rd},
}

@book{Bak:63a,
	author={R.C. Baker},
	title={Microscopic Staining Techniques},
	publisher={Butterworths},
	year={1963},
	address={London},
}

@article{Bak:63b,
	author={R.C. Baker},
	title={Methods of preparing thin-section slides},
	journal={J. Brit. Med. Assoc.},
	year={1963},
	volume={34},
	pages={184--186},
}

@book{Heritage:92,
      editor={A. H. Soukhanov},
	title="{The American Heritage. Dictionary of the American Language}",
	publisher={Houghton Mifflin Company},
	year={1992},

}

@article{ChaRou:66,
	author={F.H. Charlie and M.B. Routh},
	title={The Chemical Destination of Toxins},
	journal={J. Am. Chem. Soc.},
	year={1966},
	volume={66},
	pages={267--269},
}

@incollection{Dog:58,
	author={P.R. Dog},
	title={},
	booktitle={Chemical Carcinogenesis},
	publisher={Chapman \& Hall},
	year={1958},
	editor={R.W. Brown},
	chapter={7},
	volume={II},
	pages={56--98},
	address={London},
}

@book{Keo:58,
	author={R. Keohane},
	title={Power and Interdependence: World Politics in Transitions},
	publisher={Little, Brown \& Co.},
	year={1958},
	address={Boston},
}

@article{Pow:85,
	author={T. Powers},
	title={Is there a way out?},
	journal={Harpers},
	year={1985},
	pages={35--47},
	month=jun,
}


@misc{Sol:89,
	author={Solo},
	year={1989},
}

% ===============================================================================
@article{CWequations,
author = {Clohessy, W. H. and Wiltshire, R. S.},
title = {Terminal Guidance System for Satellite Rendezvous},
journal = {Journal of the Aerospace Sciences},
volume = {27},
number = {9},
pages = {653-658},
year = {1960},
doi = {10.2514/8.8704},
}

@misc{Min2022fewshot,
title = {Rethinking the {Role} of {Demonstrations}: {What} {Makes} {In}-{Context} {Learning} {Work}?},
doi = {10.48550/arXiv.2202.12837},
language = {en},
publisher = {arXiv},
author = {Min, Sewon and Lyu, Xinxi and Holtzman, Ari and Artetxe, Mikel and Lewis, Mike and Hajishirzi, Hannaneh and Zettlemoyer, Luke},
month = oct,
year = {2022},
}


@inproceedings{Bandyopadhyay2015SmallSatReview,
	address = {Kissimmee, Florida},
	title = {A {Review} of {Impending} {Small} {Satellite} {Formation} {Flying} {Missions}},
	isbn = {978-1-62410-343-8},
	doi = {10.2514/6.2015-1623},
	language = {en},
	urldate = {2025-06-06},
	booktitle = {53rd {AIAA} {Aerospace} {Sciences} {Meeting}},
	publisher = {American Institute of Aeronautics and Astronautics},
	author = {Bandyopadhyay, Saptarshi and Subramanian, Giri P. and Foust, Rebecca and Morgan, Daniel and Chung, Soon-Jo and Hadaegh, Fred},
	month = jan,
	year = {2015},
}

% APF methods
@article{Hwang2022APF,
title = {Collision avoidance control for formation flying of multiple spacecraft using artificial potential field},
journal = {Advances in Space Research},
volume = {69},
number = {5},
pages = {2197-2209},
year = {2022},
issn = {0273-1177},
doi = {https://doi.org/10.1016/j.asr.2021.12.015},
author = {Jiyoon Hwang and Jinah Lee and Chandeok Park},
}

@article{Guan2024APF,
doi = {10.1088/1742-6596/2746/1/012053},
year = {2024},
month = {may},
publisher = {IOP Publishing},
volume = {2746},
number = {1},
pages = {012053},
author = {Guan, Yue and Zhang, Xiang and Chen, Danhe and Fan, Shuhui},
title = {Artificial potential field-based method for multi-spacecraft loose formation control},
journal = {Journal of Physics: Conference Series},
}

% VO methods
@Article{Li2025ELVO,
	AUTHOR = {Li, Ziyao and Li, Hongchao and Li, Chanying},
	TITLE = {ELVO-Based Autonomous Satellite Collision Avoidance with Multiple Debris},
	JOURNAL = {Aerospace},
	VOLUME = {12},
	YEAR = {2025},
	NUMBER = {5},
	ARTICLE-NUMBER = {402},
	ISSN = {2226-4310},
	ABSTRACT = {The frequent occurrence of space debris collision incidents has made research on autonomous satellite avoidance necessary. Against this backdrop, the paper presents a short-term autonomous space debris avoidance algorithm based on the Equivalent Linear Velocity Obstacle (ELVO) paradigm, which addresses the challenges of multiple debris scenarios and real-time decision-making. Error analysis and compensating terms are provided to enhance the algorithm’s accuracy. Simulations are proposed to validate the algorithm, and the simplified design reduces the online computational load, demonstrating its feasibility for future on-orbit usage.},
	DOI = {10.3390/aerospace12050402}
}

@article{Douthwaite2019VO,
author = {Douthwaite, James A. and Zhao, Shiyu and Mihaylova, Lyudmila S.},
title = {Velocity Obstacle Approaches for Multi-Agent Collision Avoidance},
journal = {Unmanned Systems},
volume = {07},
number = {01},
pages = {55-64},
year = {2019},
doi = {10.1142/S2301385019400065}
}

@INPROCEEDINGS{vanDenBerg2008RVO,
  author={van den Berg, Jur and Ming Lin and Manocha, Dinesh},
  booktitle={2008 IEEE International Conference on Robotics and Automation}, 
  title={Reciprocal Velocity Obstacles for real-time multi-agent navigation}, 
  year={2008},
  volume={},
  number={},
  pages={1928-1935},
  keywords={Navigation;Collision avoidance;Contracts;Robotics and automation;USA Councils;Multiagent systems;Assembly systems;Centralized control;Motion control;Communication system control},
  doi={10.1109/ROBOT.2008.4543489}
}

@article{Berg2011ORCA,
	address = {Berlin, Heidelberg},
	title = {Reciprocal n-{Body} {Collision} {Avoidance}},
	volume = {70},
	language = {en},
	booktitle = {Robotics {Research}},
	publisher = {Springer Berlin Heidelberg},
	author = {Van Den Berg, Jur and Guy, Stephen J. and Lin, Ming and Manocha, Dinesh},
	editor = {Siciliano, Bruno and Khatib, Oussama and Groen, Frans and Pradalier, Cédric and Siegwart, Roland and Hirzinger, Gerhard},
	year = {2011},
	doi = {10.1007/978-3-642-19457-3_1},
	note = {Series Title: Springer Tracts in Advanced Robotics},
	pages = {3--19},
}

% CBF methods
@article{Borrmann2015CBFswarm,
	title = {Control {Barrier} {Certificates} for {Safe} {Swarm} {Behavior}},
	volume = {48},
	issn = {24058963},
	doi = {10.1016/j.ifacol.2015.11.154},
	language = {en},
	number = {27},
	urldate = {2025-05-12},
	journal = {IFAC-PapersOnLine},
	author = {Borrmann, Urs and Wang, Li and Ames, Aaron D. and Egerstedt, Magnus},
	year = {2015},
	pages = {68--73},
}

@INPROCEEDINGS{Cheng2020CBFDisturbance,
  author={Cheng, Richard and Khojasteh, Mohammad Javad and Ames, Aaron D. and Burdick, Joel W.},
  booktitle={2020 59th IEEE Conference on Decision and Control (CDC)}, 
  title={Safe Multi-Agent Interaction through Robust Control Barrier Functions with Learned Uncertainties}, 
  year={2020},
  volume={},
  number={},
  pages={777-783},
  doi={10.1109/CDC42340.2020.9304395}
}

@article{Chen2021Backup,
	title = {Guaranteed {Obstacle} {Avoidance} for {Multi}-{Robot} {Operations} {With} {Limited} {Actuation}: {A} {Control} {Barrier} {Function} {Approach}},
	volume = {5},
	issn = {2475-1456},
	doi = {10.1109/LCSYS.2020.3000748},
	number = {1},
	journal = {IEEE Control Systems Letters},
	author = {Chen, Yuxiao and Singletary, Andrew and Ames, Aaron D.},
	month = jan,
	year = {2021},
	note = {Conference Name: IEEE Control Systems Letters},
	pages = {127--132},
}

@article{Liu2024RLFlocking,
	title = {Safety-{Guaranteed} {Learning}-{Based} {Flocking} {Control} {Design}},
	volume = {8},
	issn = {2475-1456},
	doi = {10.1109/LCSYS.2023.3347809},
	urldate = {2024-09-04},
	journal = {IEEE Control Systems Letters},
	author = {Liu, Mingzhe and Chen, Yan},
	year = {2024},
	note = {Conference Name: IEEE Control Systems Letters},
	pages = {19--24},
}

@inproceedings{Hibbard2022CBFspacecraft,
	title = {Guaranteeing {Safety} via {Active}-{Set} {Invariance} {Filters} for {Multi}-{Agent} {Space} {Systems} with {Coupled} {Dynamics}},
	doi = {10.23919/ACC53348.2022.9867343},
	booktitle = {2022 {American} {Control} {Conference} ({ACC})},
	author = {Hibbard, Michael and Topcu, Ufuk and Hobbs, Kerianne},
	month = jun,
	year = {2022},
	note = {ISSN: 2378-5861},
	pages = {430--436},
}


